<?xml version="1.0" encoding="UTF-8"?>
<collection xmlns="http://www.loc.gov/MARC21/slim">
   <record>
      <leader>00000nz  a2200000nc 4500</leader>
      <controlfield tag="001">institutions/30077317</controlfield>
      <controlfield tag="003">DE-633</controlfield>
      <controlfield tag="005">20250620052115.0</controlfield>
      <controlfield tag="008">161109||||z|||a|||||||||||||||||n||||||d</controlfield>
      <datafield tag="024" ind1="7" ind2=" ">
         <subfield code="a">154227577</subfield>
         <subfield code="2">VIAF</subfield>
      </datafield>
      <datafield tag="024" ind1="7" ind2=" ">
         <subfield code="a">Q536580</subfield>
         <subfield code="2">WKP</subfield>
      </datafield>
      <datafield tag="024" ind1="7" ind2=" ">
         <subfield code="a">V-CVaav</subfield>
         <subfield code="q">siglum</subfield>
         <subfield code="z">I-Rasv</subfield>
         <subfield code="z">V-CVasv</subfield>
         <subfield code="2">rism</subfield>
      </datafield>
      <datafield tag="034" ind1="1" ind2=" ">
         <subfield code="d">12.454869768992076</subfield>
         <subfield code="f">41.904908134172466</subfield>
      </datafield>
      <datafield tag="040" ind1=" " ind2=" ">
         <subfield code="a">DE-633</subfield>
         <subfield code="c">DE-633</subfield>
         <subfield code="e">rismg</subfield>
      </datafield>
      <datafield tag="043" ind1=" " ind2=" ">
         <subfield code="c">XA-VA</subfield>
      </datafield>
      <datafield tag="110" ind1="1" ind2=" ">
         <subfield code="a">Archivio Apostolico Vaticano</subfield>
         <subfield code="c">Città del Vaticano</subfield>
         <subfield code="g">V-CVaav</subfield>
      </datafield>
      <datafield tag="368" ind1=" " ind2=" ">
         <subfield code="a">Institution</subfield>
         <subfield code="a">Archive</subfield>
         <subfield code="a">Library</subfield>
      </datafield>
      <datafield tag="371" ind1=" " ind2=" ">
         <subfield code="a">Cortile del Belvedere</subfield>
         <subfield code="b">Città del Vaticano</subfield>
         <subfield code="d">Vatican City State</subfield>
         <subfield code="e">00120</subfield>
         <subfield code="m">archivio@aav.va</subfield>
         <subfield code="u">http://www.archivioapostolicovaticano.va/content/aav/it.html</subfield>
         <subfield code="z">tel: +39 06 69883314</subfield>
         <subfield code="z">fax: +39 06 69885574</subfield>
      </datafield>
      <datafield tag="410" ind1=" " ind2=" ">
         <subfield code="a">Archivum Apostolicum Vaticanum</subfield>
      </datafield>
      <datafield tag="410" ind1=" " ind2=" ">
         <subfield code="a">Archivio Segreto Vaticano</subfield>
      </datafield>
      <datafield tag="551" ind1="1" ind2=" ">
         <subfield code="a">Città del Vaticano</subfield>
         <subfield code="0">places/3900386</subfield>
      </datafield>
      <datafield tag="680" ind1="1" ind2=" ">
         <subfield code="a">On 22 October 2019 Pope Francis, with his Apostolic Letter in the form of a motu proprio entitled “Historical experience”, restored the original name of "Vatican Apostolic Archives". The former RISM siglum V-CVasv was adapted to this. It is now called V-CVaav.</subfield>
      </datafield>
      <datafield tag="680" ind1="1" ind2=" ">
         <subfield code="a">The siglum I-Rasv was used in previous RISM publications but is now invalid.</subfield>
      </datafield>
   </record>