
   <record>
      <leader>00000nz  a2200000nc 4500</leader>
      <controlfield tag="001">institutions/51004831</controlfield>
      <controlfield tag="003">DE-633</controlfield>
      <controlfield tag="005">20250620052258.0</controlfield>
      <controlfield tag="008">210126||||z|||a|||||||||||||||||n||||||d</controlfield>
      <datafield tag="024" ind1="7" ind2=" ">
         <subfield code="a">140242735</subfield>
         <subfield code="2">VIAF</subfield>
      </datafield>
      <datafield tag="024" ind1="7" ind2=" ">
         <subfield code="a">V-CVaspf</subfield>
         <subfield code="q">siglum</subfield>
         <subfield code="2">rism</subfield>
      </datafield>
      <datafield tag="034" ind1="1" ind2=" ">
         <subfield code="d">12.458969568948953</subfield>
         <subfield code="f">41.89982775046296</subfield>
      </datafield>
      <datafield tag="040" ind1=" " ind2=" ">
         <subfield code="a">DE-633</subfield>
         <subfield code="c">DE-633</subfield>
         <subfield code="e">rismg</subfield>
      </datafield>
      <datafield tag="043" ind1=" " ind2=" ">
         <subfield code="c">XA-VA</subfield>
      </datafield>
      <datafield tag="110" ind1="1" ind2=" ">
         <subfield code="a">Archivio Storico di Propaganda Fide</subfield>
         <subfield code="c">Città del Vaticano</subfield>
         <subfield code="g">V-CVaspf</subfield>
      </datafield>
      <datafield tag="368" ind1=" " ind2=" ">
         <subfield code="a">Institution</subfield>
         <subfield code="a">Library</subfield>
         <subfield code="a">Archive</subfield>
      </datafield>
      <datafield tag="371" ind1=" " ind2=" ">
         <subfield code="a">Via Urbano VIII, 16</subfield>
         <subfield code="b">Città del Vaticano</subfield>
         <subfield code="d">Stato della Città del Vaticano</subfield>
         <subfield code="e">00120</subfield>
         <subfield code="m">arch.storico@propagandafide.va</subfield>
         <subfield code="u">http://www.archiviostoricopropaganda.va/content/archiviostoricopropagandafide/it.html</subfield>
         <subfield code="z">tel: +39 / 06 698 71 523</subfield>
         <subfield code="z">fax: +39 / 06 698 85 633</subfield>
      </datafield>
      <datafield tag="510" ind1="2" ind2=" ">
         <subfield code="a">Congregazione per l'evangelizzazione dei popoli</subfield>
      </datafield>
      <datafield tag="551" ind1="1" ind2=" ">
         <subfield code="a">Città del Vaticano</subfield>
         <subfield code="0">places/3900386</subfield>
      </datafield>
      <datafield tag="667" ind1=" " ind2=" ">
         <subfield code="a">Published sources: 4</subfield>
      </datafield>
   </record>