
   <record>
      <leader>00000nz  a2200000nc 4500</leader>
      <controlfield tag="001">institutions/30077306</controlfield>
      <controlfield tag="003">DE-633</controlfield>
      <controlfield tag="005">20250620052115.0</controlfield>
      <controlfield tag="008">161109||||z|||a|||||||||||||||||n||||||d</controlfield>
      <datafield tag="024" ind1="7" ind2=" ">
         <subfield code="a">IT-RM1360</subfield>
         <subfield code="2">ISIL</subfield>
      </datafield>
      <datafield tag="024" ind1="7" ind2=" ">
         <subfield code="a">146085455</subfield>
         <subfield code="2">VIAF</subfield>
      </datafield>
      <datafield tag="024" ind1="7" ind2=" ">
         <subfield code="a">Q213678</subfield>
         <subfield code="2">WKP</subfield>
      </datafield>
      <datafield tag="024" ind1="7" ind2=" ">
         <subfield code="a">V-CVbav</subfield>
         <subfield code="q">siglum</subfield>
         <subfield code="z">I-Rvat</subfield>
         <subfield code="2">rism</subfield>
      </datafield>
      <datafield tag="034" ind1="1" ind2=" ">
         <subfield code="d">12.454925716873914</subfield>
         <subfield code="f">41.90472931264457</subfield>
      </datafield>
      <datafield tag="040" ind1=" " ind2=" ">
         <subfield code="a">DE-633</subfield>
         <subfield code="c">DE-633</subfield>
         <subfield code="e">rismg</subfield>
      </datafield>
      <datafield tag="043" ind1=" " ind2=" ">
         <subfield code="c">XA-VA</subfield>
      </datafield>
      <datafield tag="110" ind1="1" ind2=" ">
         <subfield code="a">Biblioteca Apostolica Vaticana</subfield>
         <subfield code="c">Città del Vaticano</subfield>
         <subfield code="g">V-CVbav</subfield>
      </datafield>
      <datafield tag="368" ind1=" " ind2=" ">
         <subfield code="a">Institution</subfield>
         <subfield code="a">Library</subfield>
      </datafield>
      <datafield tag="371" ind1=" " ind2=" ">
         <subfield code="a">Cortile del Belvedere</subfield>
         <subfield code="b">Città del Vaticano</subfield>
         <subfield code="d">Vatican City State</subfield>
         <subfield code="e">00120</subfield>
         <subfield code="u">https://www.vaticanlibrary.va/it/</subfield>
         <subfield code="z">tel: +39 06 69879411</subfield>
         <subfield code="z">fax: +39 06 69884795</subfield>
      </datafield>
      <datafield tag="510" ind1="2" ind2=" ">
         <subfield code="a">Bibliotheca Apostolica Vaticana</subfield>
      </datafield>
      <datafield tag="551" ind1="1" ind2=" ">
         <subfield code="a">Città del Vaticano</subfield>
         <subfield code="0">places/3900386</subfield>
      </datafield>
      <datafield tag="667" ind1=" " ind2=" ">
         <subfield code="a">Published sources: 4246</subfield>
      </datafield>
      <datafield tag="680" ind1="1" ind2=" ">
         <subfield code="a">The siglum I-Rvat was used for the Biblioteca Apostolica Vaticana in previous RISM publications, but is now invalid.</subfield>
      </datafield>
   </record>
</collection>
